<record><leader>00000cas a22000007a 4500</leader><controlfield tag="001">17616425</controlfield><controlfield tag="008">880311d19161917lauuu ne      0    0eng d</controlfield><datafield ind1=" " ind2=" " tag="010"><subfield code="a">sn 88064248 </subfield></datafield><datafield ind1=" " ind2=" " tag="040"><subfield code="a">LNP</subfield><subfield code="b">eng</subfield><subfield code="c">LNP</subfield><subfield code="d">OCLCQ</subfield></datafield><datafield ind1=" " ind2=" " tag="042"><subfield code="a">msc</subfield></datafield><datafield ind1="0" ind2="4" tag="245"><subfield code="a">The St. Landry progress.</subfield></datafield><datafield ind1="3" ind2="0" tag="246"><subfield code="a">Saint Landry progress</subfield></datafield><datafield ind1=" " ind2=" " tag="260"><subfield code="a">[Opelousas], La. :</subfield><subfield code="b">Louis Hebert</subfield></datafield><datafield ind1="1" ind2=" " tag="362"><subfield code="a">Began in 1916?</subfield></datafield><datafield ind1="0" ind2=" " tag="362"><subfield code="a">-v. 1, no. 7 (Feb. 3, 1917).</subfield></datafield><datafield ind1=" " ind2=" " tag="588"><subfield code="a">Description based on: Vol. 1, no. 7 (Feb. 3, 1917).</subfield></datafield><datafield ind1=" " ind2=" " tag="752"><subfield code="a">United States</subfield><subfield code="b">Louisiana</subfield><subfield code="c">Saint Landry</subfield><subfield code="d">Opelousas.</subfield></datafield><datafield ind1="0" ind2="7" tag="785"><subfield code="t">Eunice star</subfield></datafield><datafield ind1="0" ind2="7" tag="785"><subfield code="t">Star-progress</subfield><subfield code="w">(DLC)sn 88064249</subfield></datafield><datafield ind1="1" ind2=" " tag="029"><subfield code="a">AU@</subfield><subfield code="b">000025825409</subfield></datafield></record>